<record><leader>00000cas a22000007a 4500</leader><controlfield tag="001">19993303</controlfield><controlfield tag="008">890711d19041919mouwr ne      0    0eng d</controlfield><datafield ind1=" " ind2=" " tag="010"><subfield code="a">sn 89066806 </subfield></datafield><datafield ind1=" " ind2=" " tag="040"><subfield code="a">MQN</subfield><subfield code="b">eng</subfield><subfield code="c">MQN</subfield><subfield code="d">OCLCQ</subfield></datafield><datafield ind1=" " ind2=" " tag="042"><subfield code="a">msc</subfield></datafield><datafield ind1="0" ind2="4" tag="245"><subfield code="a">The Kirkwood courier.</subfield></datafield><datafield ind1=" " ind2=" " tag="260"><subfield code="a">Kirkwood Station, St. Louis, Mo. :</subfield><subfield code="b">Steve J. Harris,</subfield><subfield code="c">1904-1919.</subfield></datafield><datafield ind1=" " ind2=" " tag="300"><subfield code="a">v.</subfield></datafield><datafield ind1=" " ind2=" " tag="310"><subfield code="a">Weekly</subfield></datafield><datafield ind1="0" ind2=" " tag="362"><subfield code="a">Vol. 3, no. 1 (Sept. 24, 1904)-v. 18, no. 4 (Jan. 17, 1919).</subfield></datafield><datafield ind1=" " ind2="4" tag="651"><subfield code="a">Kirkwood (Mo.)</subfield><subfield code="v">Newspapers.</subfield></datafield><datafield ind1=" " ind2=" " tag="752"><subfield code="a">United States</subfield><subfield code="b">Missouri</subfield><subfield code="c">Saint Louis</subfield><subfield code="d">Kirkwood.</subfield></datafield><datafield ind1="0" ind2="0" tag="780"><subfield code="t">Weekly courier (Kirkwood, Mo.)</subfield><subfield code="w">(DLC)sn 89066805</subfield></datafield><datafield ind1="0" ind2="0" tag="785"><subfield code="t">St. Louis countian</subfield><subfield code="w">(DLC)sn 89066885</subfield></datafield></record>